@article{deacon2009model,
  title={Model-view-controller (mvc) architecture},
  author={Deacon, John},
  journal={Online][Citado em: 10 de mar{\c{c}}o de 2006.] http://www. jdl. co. uk/briefings/MVC. pdf},
  volume={28},
  year={2009}
}

@online{laravel,
    author = "Laravel",
    title = "The PHP Framework for Web Artisans",
    url  = "https://laravel.com/",
    keywords = "What is Larave"
}

@online{chakra,
    author = "Chakra",
    title = "What is Chakra-ui?",
    url  = "https://chakra-ui.com/",
    addendum = "(accessed: 01.07.2022)",
    keywords = "chakra ui"
}

@online{mysql,
    author = "Contributor",
    title = "8 Advantages of Using MySQL",
    url  = "https://devops.com/8-advantages-using-mysql/",
    addendum = "(accessed: 01.07.2022)",
    keywords = "mysql"
}

@online{reactjs,
    author = "ReactJs",
    title = "A JavaScript library for building user interfaces",
    url  = "https://reactjs.org/",
    addendum = "(accessed: 01.07.2022)",
    keywords = "reactjs"
}

@online{firebase,
    author = "Firebase",
    title = "Make your app the best it can be?",
    url  = "https://firebase.google.com/",
    addendum = "(accessed: 01.07.2022)",
    keywords = "firebase"
}

@online{carousell,
    author = "Carousell Green initiative",
    title = "The Carousell Recommerce Index 2021 Report",
    url = "https://carousellpress.files.wordpress.com/2021/11/thecarousellrecommerceindex_en.pdf",
    addendum = "(accessed: 01.07.2022)",
    keywords = "Recommerce Index"
}
